@article{lstm,
 author = {Hochreiter, Sepp and Schmidhuber, J\"{u}rgen},
 title = {Long Short-Term Memory},
 journal = {Neural Comput.},
 issue_date = {November 15, 1997},
 volume = {9},
 number = {8},
 month = nov,
 year = {1997},
 issn = {0899-7667},
 pages = {1735--1780},
 numpages = {46},
 url = {http://dx.doi.org/10.1162/neco.1997.9.8.1735},
 doi = {10.1162/neco.1997.9.8.1735},
 acmid = {1246450},
 publisher = {MIT Press},
 address = {Cambridge, MA, USA},
}

@article{RF,
 author = {Breiman, Leo},
 title = {Random Forests},
 journal = {Mach. Learn.},
 issue_date = {October 1 2001},
 volume = {45},
 number = {1},
 month = oct,
 year = {2001},
 issn = {0885-6125},
 pages = {5--32},
 numpages = {28},
 url = {https://doi.org/10.1023/A:1010933404324},
 doi = {10.1023/A:1010933404324},
 acmid = {570182},
 publisher = {Kluwer Academic Publishers},
 address = {Hingham, MA, USA},
 keywords = {classification, ensemble, regression},
}

@article{adam,
  author    = {Diederik P. Kingma and
               Jimmy Ba},
  title     = {Adam: {A} Method for Stochastic Optimization},
  journal   = {CoRR},
  volume    = {abs/1412.6980},
  year      = {2014},
  url       = {http://arxiv.org/abs/1412.6980},
  archivePrefix = {arXiv},
  eprint    = {1412.6980},
  timestamp = {Mon, 13 Aug 2018 16:47:35 +0200},
  biburl    = {https://dblp.org/rec/bib/journals/corr/KingmaB14},
  bibsource = {dblp computer science bibliography, https://dblp.org}
}

@misc{pytorch,
    author={PyTorch},
	year={2019},
	url={https://pytorch.org/}
}

@article{preproc,
  author    = {Aditya Gaydhani and
               Vikrant Doma and
               Shrikant Kendre and
               Laxmi Bhagwat},
  title     = {Detecting Hate Speech and Offensive Language on Twitter using Machine
               Learning: An N-gram and {TFIDF} based Approach},
  journal   = {CoRR},
  volume    = {abs/1809.08651},
  year      = {2018},
  url       = {http://arxiv.org/abs/1809.08651},
  archivePrefix = {arXiv},
  eprint    = {1809.08651},
  timestamp = {Fri, 05 Oct 2018 11:34:52 +0200},
  biburl    = {https://dblp.org/rec/bib/journals/corr/abs-1809-08651},
  bibsource = {dblp computer science bibliography, https://dblp.org}
}

@inproceedings{CNN,
  author    = {Yann LeCun and
               L{\'{e}}on Bottou and
               Yoshua Bengio and 
               Patrick Haffner},
  title     = {Gradient-Based Learning Applied to Document Recognition},
  booktitle = {Proc. of IEEE},
  year      = {1998}
}

@ARTICLE{Badjatiya,
       author = {{Badjatiya}, Pinkesh and {Gupta}, Shashank and {Gupta}, Manish and
         {Varma}, Vasudeva},
        title = "{Deep Learning for Hate Speech Detection in Tweets}",
      journal = {arXiv e-prints},
     keywords = {Computer Science - Computation and Language, Computer Science - Information Retrieval},
         year = "2017",
        month = "Jun",
          eid = {arXiv:1706.00188},
        pages = {arXiv:1706.00188},
archivePrefix = {arXiv},
       eprint = {1706.00188},
 primaryClass = {cs.CL},
       adsurl = {https://ui.adsabs.harvard.edu/\#abs/2017arXiv170600188B},
      adsnote = {Provided by the SAO/NASA Astrophysics Data System}
}

@ARTICLE{Pit,
       author = {{Pitsilis}, Georgios K. and {Ramampiaro}, Heri and {Langseth}, Helge},
        title = "{Detecting Offensive Language in Tweets Using Deep Learning}",
      journal = {arXiv e-prints},
     keywords = {Computer Science - Computation and Language, Computer Science - Computers and Society, Computer Science - Social and Information Networks},
         year = "2018",
        month = "Jan",
          eid = {arXiv:1801.04433},
        pages = {arXiv:1801.04433},
archivePrefix = {arXiv},
       eprint = {1801.04433},
 primaryClass = {cs.CL},
       adsurl = {https://ui.adsabs.harvard.edu/\#abs/2018arXiv180104433P},
      adsnote = {Provided by the SAO/NASA Astrophysics Data System}
}

@ARTICLE{Jacovi,
       author = {{Jacovi}, Alon and {Sar Shalom}, Oren and {Goldberg}, Yoav},
        title = "{Understanding Convolutional Neural Networks for Text Classification}",
      journal = {arXiv e-prints},
     keywords = {Computer Science - Computation and Language},
         year = "2018",
        month = "Sep",
          eid = {arXiv:1809.08037},
        pages = {arXiv:1809.08037},
archivePrefix = {arXiv},
       eprint = {1809.08037},
 primaryClass = {cs.CL},
       adsurl = {https://ui.adsabs.harvard.edu/\#abs/2018arXiv180908037J},
      adsnote = {Provided by the SAO/NASA Astrophysics Data System}
}

@ARTICLE{Mikolov,
       author = {{Mikolov}, T. and {Chen}, K. and {Corrado}, G. and {Dean}, J.},
        title = "{Efficient Estimation of Word Representations in Vector Space}",
      journal = {arXiv e-prints},
     keywords = {Computer Science - Computation and Language},
         year = "2013",
        month = "Jan",
          eid = {arXiv:1301.3781},
        pages = {arXiv:1301.3781},
archivePrefix = {arXiv},
       eprint = {1301.3781},
 primaryClass = {cs.CL},
       adsurl = {https://ui.adsabs.harvard.edu/\#abs/2013arXiv1301.3781M},
      adsnote = {Provided by the SAO/NASA Astrophysics Data System}
}

@inproceedings{model,
  author    = {{Mikolov}, T. and {Karafiat}, M. and {Burget}, L. and {Cernock}, J. and {Khudanpur}, S.},
  title     = {Recurrent neural network based language model},
  booktitle = {Proceedings of Interspeech},
  year      = {2010}
}

@ARTICLE{Davidson,
       author = {{Davidson}, Thomas and {Warmsley}, Dana and {Macy}, Michael and
         {Weber}, Ingmar},
        title = "{Automated Hate Speech Detection and the Problem of Offensive Language}",
      journal = {arXiv e-prints},
     keywords = {Computer Science - Computation and Language},
         year = "2017",
        month = "Mar",
          eid = {arXiv:1703.04009},
        pages = {arXiv:1703.04009},
archivePrefix = {arXiv},
       eprint = {1703.04009},
 primaryClass = {cs.CL},
       adsurl = {https://ui.adsabs.harvard.edu/\#abs/2017arXiv170304009D},
      adsnote = {Provided by the SAO/NASA Astrophysics Data System}
}

@ARTICLE{Malmasi,
       author = {{Malmasi}, Shervin and {Zampieri}, Marcos},
        title = "{Detecting Hate Speech in Social Media}",
      journal = {arXiv e-prints},
     keywords = {Computer Science - Computation and Language},
         year = "2017",
        month = "Dec",
          eid = {arXiv:1712.06427},
        pages = {arXiv:1712.06427},
archivePrefix = {arXiv},
       eprint = {1712.06427},
 primaryClass = {cs.CL},
       adsurl = {https://ui.adsabs.harvard.edu/\#abs/2017arXiv171206427M},
      adsnote = {Provided by the SAO/NASA Astrophysics Data System}
}
